<record><leader>00000cas a22000007a 4500</leader><controlfield tag="001">19931778</controlfield><controlfield tag="008">890627d19221923nduwr ne      0    0eng d</controlfield><datafield ind1=" " ind2=" " tag="010"><subfield code="a">sn 89074156 </subfield></datafield><datafield ind1=" " ind2=" " tag="040"><subfield code="a">NOP</subfield><subfield code="b">eng</subfield><subfield code="c">NOP</subfield><subfield code="d">OCLCQ</subfield></datafield><datafield ind1=" " ind2=" " tag="042"><subfield code="a">msc</subfield></datafield><datafield ind1="0" ind2="0" tag="245"><subfield code="a">Sargent County sentinel.</subfield></datafield><datafield ind1=" " ind2=" " tag="260"><subfield code="a">Cayuga, N.D. :</subfield><subfield code="b">Rollin Bronson</subfield></datafield><datafield ind1=" " ind2=" " tag="300"><subfield code="a">v. :</subfield><subfield code="b">ill. ;</subfield><subfield code="c">54 cm.</subfield></datafield><datafield ind1=" " ind2=" " tag="310"><subfield code="a">Weekly</subfield></datafield><datafield ind1="0" ind2=" " tag="362"><subfield code="a">Vol. 1, no. 1 (Dec. 29, 1922)-</subfield></datafield><datafield ind1=" " ind2=" " tag="500"><subfield code="a">Includes a special section: Rutland booster news (Feb. 2-&lt;Mar. 16&gt; 1923).</subfield></datafield><datafield ind1=" " ind2=" " tag="530"><subfield code="a">Available on microfilm from the State Historical Society of North Dakota.</subfield></datafield><datafield ind1="0" ind2=" " tag="730"><subfield code="a">Rutland booster news.</subfield></datafield><datafield ind1=" " ind2=" " tag="752"><subfield code="a">United States</subfield><subfield code="b">North Dakota</subfield><subfield code="c">Sargent</subfield><subfield code="d">Cayuga.</subfield></datafield><datafield ind1="1" ind2=" " tag="029"><subfield code="a">AU@</subfield><subfield code="b">000025872000</subfield></datafield></record>